@misc{alg,
    author    = "Arnaud Quirin and Oscar Cordón",
    title     = "A {P}roposal of a {Q}uick {MST}-based {A}lgorithm to {O}btain {P}athfinder {N}etworks ($\infty, n-1$)",
    howpublished = "\\URL: {\url{http://aquirin.ovh.org/research/papers/ij-2008-quick-mst-based.pdf}}",
    note = "Última vez visto el 28/11/2016"
}
